// introduction
@article{wirelessALL,
  title={Wireless Power Hotspot that Charges All of Your Devices},
  author={L Shi，Z Kabelac，D Katabi，D Perreault},
  journal={ACM MobiCom '15 Proceedings of the 21st Annual International Conference on Mobile Computing and Networking},
 pages={2-15},
  year={2015}
}
@article{pocketC,
	title = {Magnetic MIMO: how to charge your phone in your pocket},
	author = {J Jadidian，D Katabi},
	journal={ACM MobiCom '14}
	year = {2014}
}
@article{SWless,
	title={Enabling Seamless Wireless Power Delivery in Dynamic Environments},
	author = {AP Sample，BH Waters，ST Wisdom，JR Smith},
	journal= {Proceedings of the IEEE2013, 101(6):1343-1358},
	volumn = {101},
	number={6},
	pages={1343-1358},
	year={2013}
}
@article{WTraMag,
	title={Wireless Power Transfer via Strongly Coupled Magnetic Resonances},
	author={AndréKurs，A Karalis，R Moffatt，JD Joannopoulos，P Fisher},
	journal={Science},
	volumn={317},
	number={5834},
	pages={83},
	year={2007}
}
@article{magP,
	title={Magnetic Resonant Coupling As a Potential Means for Wireless Power Transfer to Multiple Small Receivers},
	author={BL Cannon，JF Hoburg，DD Stancil，SC Goldstein},
	journal={IEEE Transactions on Power Electronics},
	volumn={24},
	number={7}，
	pages={1819-1825},
	year={2009}
}
@article{SurNfc,
	title={A Survey on Near Field Communication (NFC) Technology},
	author={V Coskun，B Ozdenizci，K Ok}，
	journal={Wireless Personal Communications},
	volumn={71},
	number={3},
	pages={2259-2294},
	year={2013}
}

	


























@INPROCEEDINGS{6176332,
author={E. Strommer and M. Jurvansuu and T. Tuikka and A. Ylisaukko-oja and H. Rapakko and J. Vesterinen},
booktitle={2012 4th International Workshop on Near Field Communication},
title={NFC-Enabled Wireless Charging},
year={2012},
pages={36-41},
keywords={electric charge;near-field communication;power transmission;standardisation;NFC operating modes;associated control functionality;business potential;charging power reception;charging power transmission;near field communication;pervasive charger infrastructure;portable devices;power transfer capability;road map;standardization;wireless charging;Antennas;Couplings;Radio frequency;Transmitters;Tuning;Wireless communication;Wireless sensor networks;NFC;wireless charging;wireless power transfer},
doi={10.1109/NFC.2012.17},
month={March},}

@ARTICLE{6838830,
author={W. S. Lee and D. Z. Kim and J. W. Yu},
journal={Electronics Letters},
title={Multi-functional high-isolation dual antenna for controllable wireless charging and NFC communication},
year={2014},
volume={50},
number={13},
pages={912-913},
keywords={antenna arrays;coils;data communication;inductive power transmission;mobile antennas;mobile handsets;near-field communication;NFC;antenna ports;antiparallel coil structure;controllable wireless charging;data communications;frequency 13.56 MHz;frequency 6.78 MHz;mobile devices;multifunctional high-isolation dual antenna;near-field communication},
doi={10.1049/el.2014.0858},
ISSN={0013-5194},
month={June},}

@INPROCEEDINGS{7056164,
author={G. Ritrovati and G. De Maso-Gentile and C. Scavongelli and M. Conti},
booktitle={2014 IEEE International Electric Vehicle Conference (IEVC)},
title={Active role of a NFC enabled smartphone in EV-EVSE charging process},
year={2014},
pages={1-8},
keywords={Bluetooth;battery management systems;battery powered vehicles;battery storage plants;cryptographic protocols;near-field communication;smart phones;Android smartphone;Bluetooth protocol;EV-EVSE charging process;ISO/IEC 15118 standard;NFC enabled smartphone;P2P mode;PC-windows software;V2G service authentication;V2G system;electric vehicle supply equipment;electrical vehicles charge management;near field communication technology;vehicle to grid system;Batteries;Bluetooth;IEC standards;ISO standards;Protocols;Vehicles;Bluetooth;ISO/IEC 15118;NFC;electric vehicle;smart grid;smartphone;wireless communications},
doi={10.1109/IEVC.2014.7056164},
month={Dec},}

@INPROCEEDINGS{6902086,
author={C. F. Huang and C. L. Lin},
booktitle={The 8th European Conference on Antennas and Propagation (EuCAP 2014)},
title={Design of antennas and circuit for integrating RFID and wireless charging systems},
year={2014},
pages={1580-1581},
keywords={antennas;coils;printed circuits;radiofrequency identification;radiofrequency power transmission;PCB;RFID;antenna design;circuit design;coil antennas;wireless battery charging;wireless charging systems;Antennas;Coils;Couplings;Inductive charging;Radiofrequency identification;Wireless communication;Antenna;NFC;RFID;Wireless Charging;complex-conjugated matching},
doi={10.1109/EuCAP.2014.6902086},
ISSN={2164-3342},
month={April},}

@inproceedings{Fei:2013:PPP:2512349.2514593,
 author = {Fei, Shenfeng and Kerne, Andruid and Jain, Ajit and Webb, Andrew M. and Qu, Yin},
 title = {Positioning Portals with Peripheral NFC Tags to Embody Trans-surface Interaction},
 booktitle = {Proceedings of the 2013 ACM International Conference on Interactive Tabletops and Surfaces},
 series = {ITS '13},
 year = {2013},
 isbn = {978-1-4503-2271-3},
 location = {St. Andrews, Scotland, United Kingdom},
 pages = {317--320},
 numpages = {4},
 url = {http://doi.acm.org/10.1145/2512349.2514593},
 doi = {10.1145/2512349.2514593},
 acmid = {2514593},
 publisher = {ACM},
 address = {New York, NY, USA},
 keywords = {co-located collaboration, mobile device, near field communication, portal, trans-surface interaction},
} 

@ARTICLE{7428884,
author={H. J. Kim and J. Park and K. S. Oh and J. P. Choi and J. E. Jang and J. W. Choi},
journal={IEEE Transactions on Antennas and Propagation},
title={Near-Field Magnetic Induction MIMO Communication Using Heterogeneous Multipole Loop Antenna Array for Higher Data Rate Transmission},
year={2016},
volume={64},
number={5},
pages={1952-1962},
keywords={MIMO communication;antenna arrays;antenna radiation patterns;electromagnetic induction;loop antennas;near-field communication;wireless channels;MIMO transmission;NFMI communication;NFMI communication system;antenna patterns;channel capacity;crosstalk cancellation;heterogeneous multipole loop antenna array;higher data rate transmission;magnetic communication systems;multipole antennas;near-field magnetic induction;near-field magnetic induction MIMO communication;Antenna arrays;Couplings;Crosstalk;MIMO;Receiving antennas;Transmitting antennas;Antenna array;MIMO;NFC;crosstalk cancellation;electromagnetic coupling;electromagnetic induction;magnetic communication;magnetic field;multi-input–multi-output (MIMO);near-field communication (NFC);stalk cancellation},
doi={10.1109/TAP.2016.2539371},
ISSN={0018-926X},
month={May},}

@INPROCEEDINGS{4782856,
author={J. Ylinen and M. Koskela and L. Iso-Anttila and P. Loula},
booktitle={2009 Third International Conference on Digital Society},
title={Near Field Communication Network Services},
year={2009},
pages={89-93},
keywords={internetworking;mobile communication;mobile handsets;protocols;close-range contactless identification;gateway protocol;mobile phone communication;near field communication network services;operator driven service creation;Application software;Communication networks;Couplings;Medical services;Mobile communication;Mobile handsets;Protocols;RFID tags;Radiofrequency identification;Transmitting antennas;Near Field Communication;network service;service protocol},
doi={10.1109/ICDS.2009.43},
month={Feb},}

